/Users/roy/Documents/Personnel/documents_officiels/CV, LM/my_biblio_communication.bib